@inproceedings{mcintyre-lapata-2010-plot,
    title = "Plot Induction and Evolutionary Search for Story Generation",
    author = "McIntyre, Neil  and
      Lapata, Mirella",
    booktitle = "Proceedings of the 48th Annual Meeting of the Association for Computational Linguistics",
    month = jul,
    year = "2010",
    address = "Uppsala, Sweden",
    publisher = "Association for Computational Linguistics",
    url = "https://aclanthology.org/P10-1158",
    pages = "1562--1572",
}

@inproceedings{Solis2009PlanningAA,
  title={Planning Author and Character Goals for Story Generation},
  author={C. Solis and Joan Tiffany Siy and Emerald Tabirao and Ethel Ong},
  year={2009}
}