@inproceedings{charactergeneration,
	title        = {Character Evolution Approach to Generative Storytelling},
	author       = {Malik Nairat, Palle Dahlstedt, Mats G. Nordahl},
	year         = 2011,
	booktitle    = {Proceedings of the IEEE Congress on Evolutionary Computation, CEC 2011, New Orleans, LA, USA, 5-8 June, 2011},
	pages        = {1258--1263}
}
@inproceedings{questgeneration,
	title        = {Procedural Generation of Quests for Games Using Genetic Algorithms and Automated Planning},
	author       = {Edirlei Soares de Lima, Bruno Feij\'{o}, Antonio L. Furtado},
	year         = 2019,
	booktitle    = {Proceedings of SBGames 2019},
	pages        = {495--504}
}
@article{deepneuralnetnarrative,
	title        = {Event Representations for Automated Story Generation with Deep Neural Nets},
	author       = {Lara J. Martin, Prithviraj Ammanabrolu, Xinyu Wang et al},
	year         = 2018
}
@article{markovnarrativegeneration,
	title        = {Narrative Generation in the Wild: Methods from NaNoGenMo},
	author       = {Judith van Stegeren, Mariet Theune},
	year         = 2019
}
@book{OperaOmniaStJohnOfTheCross,
	title        = {The Complete Works of Saint John of the Cross of the Order of Our Lady of Mount Carmel},
	author       = {Cross, J. and Lewis, D.},
	year         = 1864,
	publisher    = {Longman, Green, Longman, Roberts, \& Green},
	series       = {The Complete Works of Saint John of the Cross, of the Order of Our Lady of Mount Carmel}
}
@book{ward2003desert,
	title        = {The Desert Fathers: Sayings of the Early Christian Monks},
	author       = {Ward, B.},
	year         = 2003,
	publisher    = {Penguin Books Limited},
	series       = {Penguin classics},
	isbn         = 9780140447316,
	lccn         = 2003273481
}
@book{1983philokalia,
	title        = {The Philokalia, Volume 1: The Complete Text; Compiled by St. Nikodimos of the Holy Mountain \& St. Markarios of Corinth},
	author       = {Palmer, G.E.H. and Sherrard, P.},
	year         = 1983,
	publisher    = {Farrar, Straus and Giroux},
	series       = {Philokalia Vol. I},
	isbn         = 9780571130139,
	lccn         = 83001426
}
@article{ProblemOfInduction,
	title        = {Statistical Methods and Scientific Induction},
	author       = {Ronald Fisher},
	year         = 1955,
	journal      = {Journal of Royal Statistic Society},
	volume       = 17,
	number       = 1,
	pages        = {69--78}
}
@article{RiskEvaluation,
	title        = {Inductive Behavior as a Basic Concept in the Philosophy of Science},
	author       = {Jerzy Neyman},
	year         = 1957,
	journal      = {Revue de l'Institut International de Statistique},
	volume       = 25,
	pages        = {7--22}
}
@article{PointingOutTheBork1,
	title        = {Why Most Published Research Findings Are False: Author's Reply to Goodman and Greenland},
	author       = {John Ioannis},
	year         = 2007,
	journal      = {PLoS Med},
	volume       = 4,
	number       = 6
}
@article{PointingOutTheBork2,
	title        = {Mindless Statistics},
	author       = {Gerd Gigerenzer},
	year         = 2004
}
@misc{NullHypothesis,
	title        = {Null Hypothesis Definition and Examples, How to State},
	url          = {https://www.statisticshowto.com/probability-and-statistics/null-hypothesis/}
}
@article{ABMIntro,
	title        = {Everything you need to know about agent-based modelling and simulation},
	author       = {C M Macal},
	year         = 2016,
	journal      = {Journal of Simulation},
	publisher    = {Taylor \& Francis},
	volume       = 10,
	number       = 2,
	pages        = {144--156},
	doi          = {10.1057/jos.2016.7},
	url          = {https://doi.org/10.1057/jos.2016.7},
	eprint       = {https://doi.org/10.1057/jos.2016.7}
}
@article{ABMProblem,
	title        = {On Agent-Based Modelling and Computational Social Science},
	author       = {Conte, Rosaria and Paolucci, Mario},
	year         = 2014,
	month        = {07},
	journal      = {Frontiers in psychology},
	volume       = 5,
	pages        = 668,
	doi          = {10.3389/fpsyg.2014.00668}
}
@inbook{Pokahr2005,
	title        = {Jadex: A BDI Reasoning Engine},
	author       = {Pokahr, Alexander and Braubach, Lars and Lamersdorf, Winfried},
	year         = 2005,
	booktitle    = {Multi-Agent Programming: Languages, Platforms and Applications},
	publisher    = {Springer US},
	address      = {Boston, MA},
	pages        = {149--174},
	doi          = {10.1007/0-387-26350-0\_6},
	isbn         = {978-0-387-26350-2},
	url          = {https://doi.org/10.1007/0-387-26350-0\%5F6},
	editor       = {Bordini, Rafael H. and Dastani, Mehdi and Dix, J{\"u}rgen and El Fallah Seghrouchni, Amal}
}
@article{KoonsForthcoming-KOOTSA-4,
	title        = {Thermal Substances: A Neo-Aristotelian Ontology of the Quantum World},
	author       = {Robert C. Koons},
	year         = {forthcoming},
	journal      = {Synthese},
	pages        = {1--22},
	doi          = {10.1007/s11229-019-02318-2}
}
@inbook{PrussQuantum,
	title        = {A Traveling Forms Interpretation of Quantum Mechanics},
	author       = {Alexander R. Pruss},
	year         = 2017,
	booktitle    = {Neo-Aristotelian Perspectives on Contemporary Science}
}
@book{AristotlesRevenge,
	title        = {Aristotle's Revenge: The Metaphysical Foundations of Physical and Biological Science},
	author       = {Edward Feser},
	year         = 2019
}
@article{Koons2021-KOOPOA,
	title        = {Powers Ontology and the Quantum Revolution},
	author       = {Robert C. Koons},
	year         = 2021,
	journal      = {European Journal for Philosophy of Science},
	publisher    = {Springer Verlag},
	volume       = 11,
	number       = 1,
	pages        = {1--28},
	doi          = {10.1007/s13194-020-00314-9}
}
@article{ScotusSoul,
	title        = {John Duns Scotus in Two Minds About The Powers of The Soul},
	author       = {John H.L. van den Bercken},
	year         = 2015,
	journal      = {Recherches de th\'{e}ologie et philosophie m\'{e}di\'{e}vales},
	publisher    = {Peeters Publishers},
	volume       = 82,
	number       = 2,
	pages        = {199--240},
	issn         = {13707493, 17831717},
	url          = {http://www.jstor.org/stable/26486056}
}
@article{microkernel,
	title        = {The Impact of Architecture on the Performance of Monolithic and Microkernel Operating System},
	author       = {Junaid Jadoon, Faisal Bahadur},
	year         = 2015,
	journal      = {International Journal of Advanced Research in Computer Science and Software Engineering, Volume 5, Issue 6},
	pages        = {107--110},
	issn         = {2277 128X},
	url          = {http://ijarcsse.com/Before\%5FAugust\%5F2017/docs/papers/Volume\%5F5/6\%5FJune2015/V5I6-0336.pdf}
}
@online{testingfundamentals,
	title        = {Unit Testing},
	author       = {STF},
	url          = {https://softwaretestingfundamentals.com/unit-testing/}
}
, addendum="Accessed 12/11/2020", date="" }
@online{SCHREMSII,
	title        = {What Does Schrems II Mean for the U.K.?},
	author       = {Hayley Evans},
	url          = {https://www.lawfareblog.com/what-does-schrems-ii-mean-uk}
}
@online{HandlingBrexit,
	title        = {Data protection if there's no Brexit deal},
	url          = {https://www.gov.uk/government/publications/data-protection-if-theres-no-brexit-deal/data-protection-if-theres-no-brexit-deal}
}
@online{Planet49GmbH,
	title        = {Bundesverband der Verbraucherzentralen und Verbraucherverb\"{a}nde -- Verbraucherzentrale Bundesverband eV v Planet49 GmbH},
	year         = 2020,
	url          = {http://curia.europa.eu/juris/document/document.jsf;jsessionid=70116815EF8E96F04E124ADCFC7590DB?text=\&docid=218462\&pageIndex=0\&doclang=EN\&mode=lst\&dir=\&occ=first\&part=1\&cid=14184672}
}
@online{OrangeRomania,
	title        = {Orange Rom\^{a}nia SA v (ANSPDCP)},
	year         = 2020,
	url          = {http://curia.europa.eu/juris/document/document.jsf?text\&docid=224083\&pageIndex=0\&doclang=EN\&mode=lst\&dir\&occ=first\&part=1}
}
@online{UNCRC,
	title        = {The United Nations Convention on the Rights of the Child},
	year         = 1989,
	url          = {https://www.unicef.org.uk/wp-content/uploads/2016/08/unicef-convention-rights-child-uncrc.pdf}
}
@online{GDPR,
	title        = {General Data Protection Regulation},
	year         = 2016,
	url          = {https://eur-lex.europa.eu/legal-content/EN/TXT/PDF/?uri=OJ:L:2016:119:FULL}
}
@online{CAP,
	title        = {Non-broadcast Code},
	url          = {https://www.asa.org.uk/codes-and-rulings/advertising-codes/non-broadcast-code.html}
}
@online{DPA,
	title        = {Data Protection Act},
	year         = 2018,
	url          = {https://www.legislation.gov.uk/ukpga/2018/12/contents/enacted}
}
@online{Freeflow,
	title        = {Free flow of non-personal data},
	year         = 2020,
	url          = {https://ec.europa.eu/digital-single-market/en/free-flow-non-personal-data}
}
@online{ICO,
	title        = {Age appropriate design: a code of practice for online services},
	year         = 2020,
	url          = {https://ico.org.uk/for-organisations/guide-to-data-protection/key-data-protection-themes/age-appropriate-design-a-code-of-practice-for-online-services/}
}
@misc{ICOGuide,
	title        = {ICO Data Minimisation},
	url          = {https://ico.org.uk/for-organisations/guide-to-data-protection/guide-to-the-general-data-protection-regulation-gdpr/principles/data-minimisation/}
}
@misc{leavingGDPR,
	title        = {EU-UK Trade Deal: What It Means For Post-Brexit Data Flows},
	year         = 2021,
	url          = {https://www.huntonprivacyblog.com/2020/12/28/eu-uk-trade-deal-what-it-means-for-post-brexit-data-flows/\#:~:text=On\%20December\%2024\%2C\%202020\%2C\%20the,the\%20\%E2\%80\%9CTrade\%20Agreement\%E2\%80\%9D).\&text=Beginning\%20January\%201\%2C\%202021\%2C\%20the,Regulation\%20(\%E2\%80\%9CGDPR\%E2\%80\%9D).}
}
@article{SAMARANAYAKE2012233,
	title        = {Employee perception towards electronic monitoring at work place and its impact on job satisfaction of software professionals in Sri Lanka},
	author       = {Viraj Samaranayake and Chandana Gamage},
	year         = 2012,
	journal      = {Telematics and Informatics},
	volume       = 29,
	number       = 2,
	pages        = {233--244},
	doi          = {https://doi.org/10.1016/j.tele.2011.08.003},
	issn         = {0736-5853},
	url          = {http://www.sciencedirect.com/science/article/pii/S0736585311000633},
	keywords     = {Electronic monitoring, Software professionals, Relevance to work, Personal Judgment of Effectiveness, Invasion of privacy, Task satisfaction}
}
@misc{Romania,
	title        = {B\u{A}RBULESCU v. ROMANIA 2017},
	url          = {B\u{A}RBULESCU v. ROMANIA 2017}
}
@misc{Article29,
	title        = {Opinion 2/2017 on data processing at work},
	url          = {http://ec.europa.eu/newsroom/document.cfm?doc\%5Fid=45631}
}
@misc{GDPRMonitoringArticle,
	title        = {Employee monitoring update},
	url          = {https://globaldatahub.taylorwessing.com/article/employee-monitoring-update}
}
@book{1875phaedo,
	title        = {Phaedo},
	author       = {Cope, E.M., Plato},
	year         = 1875,
	publisher    = {U.P.},
	isbn         = 9781774414187
}
@book{1949meno,
	title        = {Meno: Translated by Benjamin Jowett},
	year         = 1949,
	publisher    = {Liberal Arts Press},
	series       = {Library of liberal arts},
	lccn         = 51007881
}
@book{roberts1994early,
	title        = {Early Church Fathers},
	author       = {Roberts, A. and Donaldson, J. and Schaff, P. and Wace, H.},
	year         = 1994,
	publisher    = {Hendrickson Publishers Marketing, LLC},
	series       = {The Early Church Fathers Series},
	isbn         = 9781565630819,
	lccn         = 38033157
}
@book{palmer2011philokalia,
	title        = {The Philokalia Vol 2},
	author       = {Palmer, G.E.H. and Ware, K.T. and Sherrard, P.},
	year         = 2011,
	publisher    = {Faber \& Faber},
	number       = {v. 2},
	isbn         = 9780571268764
}
@book{burfeind2014gnostic,
	title        = {Gnostic America: A Reading of Contemporary American Culture \& Religion According to Christianity's Oldest Heresy},
	author       = {Burfeind, P.M.},
	year         = 2014,
	publisher    = {Pax Domini Press},
	isbn         = 9780990765806,
	lccn         = 2014913105
}
@book{saint2000catholic,
	title        = {Catholic Bible-OE-Douay-Rheims},
	author       = {Saint Benedict Press},
	year         = 2000,
	publisher    = {Saint Benedict Press},
	isbn         = 9781935302032
}
@article{GIGERENZER2004587,
	title        = {Mindless statistics},
	author       = {Gerd Gigerenzer},
	year         = 2004,
	journal      = {The Journal of Socio-Economics},
	volume       = 33,
	number       = 5,
	pages        = {587--606},
	doi          = {https://doi.org/10.1016/j.socec.2004.09.033},
	issn         = {1053-5357},
	note         = {Statistical Significance},
	keywords     = {Rituals, Collective illusions, Statistical significance, Editors, Textbooks}
}
@article{1928OConnor,
	title        = {Miracles - True and False},
	author       = {Gregory O'Connor, OP},
	year         = 1928,
	journal      = {Dominicana},
	volume       = 13,
	number       = 1,
	pages        = {31--37}
}
%Irreplicability of the Turin Shroud %
@article{2019Irreplicability,
	title        = {2D reproduction of the face on the Turin Shroud by infrared femtosecond pulse laser processing},
	author       = {Donnet, Christophe and Granier, J. and Verg\'{e}, G. and Bleu, Yannick and Reynaud, S. and Vocanson, Francis},
	year         = 2019,
	month        = {03},
	journal      = {Applied Optics},
	volume       = 58,
	pages        = 2158,
	doi          = {10.1364/AO.58.002158}
}
%Amount of Energy used to generate the image on the Shroud of Turin%
@article{2012EnergyGeneratingTheShroud,
	title        = {Superficial and Shroud-like coloration of linen by short laser pulses in the vacuum ultraviolet},
	author       = {Di Lazzaro, Paolo and Murra, Daniele and Nichelatti, Enrico and Santoni, A. and Baldacchini, Giuseppe},
	year         = 2012,
	month        = 12,
	journal      = {Applied optics},
	volume       = 51,
	pages        = {8567--78},
	doi          = {10.1364/AO.51.008567}
}
%Age of the Shroud of Turin%
@article{2019AgeOfShroud,
	title        = {Radiocarbon Dating of the Turin Shroud: New Evidence from Raw Data},
	author       = {Casabianca, Tristan and Marinelli, Emanuela and Pernagallo, Giuseppe and Torrisi, Benedetto},
	year         = 2019,
	month        = 10,
	journal      = {Archaeometry},
	volume       = 61,
	pages        = {1223--1231},
	doi          = {10.1111/arcm.12467}
}
%Another Refutation of the Newer Age of the Turin Shroud%
@article{2005RefutingTurinShroudAge,
	title        = {Studies on the Radiocarbon Sample from the Shroud of Turin},
	author       = {Rogers, Raymond},
	year         = 2005,
	month        = {01},
	journal      = {Thermochimica Acta - THERMOCHIM ACTA},
	volume       = 425,
	pages        = {189--194},
	doi          = {10.1016/j.tca.2004.09.029}
}
%Forensic Analysis of The Turin Shroud%
@inproceedings{Bucklin84theshroud,
	title        = {The Shroud of Turin: Viewpoint of a Forensic Pathologist},
	author       = {Robert Bucklin},
	year         = 1984,
	booktitle    = {Shroud Spectrum International 13},
	pages        = {3--8}
}
% Eucharistic Miracle Paper %
@article{1971LancianoEucharisticMiracle,
	title        = {{[{H}istological, immunological and biochemiccal studies on the flesh and blood of the eucharistic miracle of {L}anciano (8th century)]}},
	author       = {Linoli, O.},
	year         = 1971,
	month        = sep,
	journal      = {Quad Sclavo Diagn},
	volume       = 7,
	number       = 3,
	pages        = {661--674}
}
@book{150DialogueWithTrypho,
	title        = {Dialogue with Trypho},
	author       = {Justin Martyr},
	year         = 150,
	publisher    = {Catholic University of America Press},
	pages        = 229,
	isbn         = 813213428
}
@book{390BCProtagoras,
	title        = {Protagoras},
	author       = {Plato},
	year         = {390BC},
	publisher    = {Hackett Publishing Company, Inc.},
	pages        = 59,
	isbn         = 872200949
}
@book{357LifeOfStAnthony,
	title        = {The Life Of St. Anthony},
	author       = {Athanasius of Alexandria},
	year         = 357,
	publisher    = {Kessinger Publishing},
	pages        = 80,
	isbn         = 1425358209
}
@book{Euthydemus,
	title        = {Euthydemus},
	author       = {Plato},
	year         = {-384},
	publisher    = {Hackett Publ. Company Inc.},
	pages        = 96,
	isbn         = 872202348
}
@book{LesserHippias,
	title        = {Lesser Hippias},
	author       = {Plato},
	year         = {-390},
	publisher    = {Icon Group International, Inc.},
	pages        = 48,
	isbn         = 546399401
}
@book{1989Theages,
	title        = {Theages (Werke, Ubersetzung, Kommentar 1)},
	author       = {Plato},
	year         = 1989,
	publisher    = {Vandenhoeck und Ruprecht},
	pages        = 93,
	isbn         = 3525304161
}
@book{Menexenus,
	title        = {Menexenus},
	author       = {Plato},
	year         = {-386},
	publisher    = {Kessinger Publishing},
	pages        = {},
	isbn         = 1419133950
}
@book{Charmides,
	title        = {Charmides},
	author       = {Plato},
	year         = {-390},
	publisher    = {Hackett Publishing Company, Inc.},
	pages        = 64,
	isbn         = 872200108
}
@book{Meno,
	title        = {Meno},
	author       = {Plato},
	year         = {-386},
	publisher    = {Hackett Publishing Company, Inc.},
	pages        = 33,
	isbn         = 915144247
}
@book{1959CanticleForLeibowitz,
	title        = {A Canticle for Leibowitz (St. Leibowitz, \#1)},
	author       = {Walter M. Miller Jr.},
	year         = 1959,
	publisher    = {HarperCollins EOS},
	pages        = 334,
	isbn         = 60892994
}
@book{DoctrineOfFascism,
	title        = {Origins and Doctrine of Fascism: With Selections from Other Works},
	author       = {Giovanni Gentile},
	year         = 2002,
	publisher    = {Routledge},
	pages        = 122,
	isbn         = 765805774
}
@book{1078Proslogion,
	title        = {Proslogion},
	author       = {Anselm of Canterbury},
	year         = 1078,
	publisher    = {University of Notre Dame Press},
	pages        = 204,
	isbn         = 268016976
}
@book{ClockworkOrange,
	title        = {A Clockwork Orange},
	author       = {Anthony Burgess},
	year         = 1962,
	publisher    = {W. W. Norton \& Company},
	pages        = 192,
	isbn         = {}
}
@book{Enneads,
	title        = {The Enneads},
	author       = {Plotinus},
	year         = 250,
	publisher    = {Penguin Classics},
	pages        = 688,
	isbn         = {014044520X}
}
@book{150Protoevangelium,
	title        = {The Protoevangelium of James},
	author       = {Anonymous},
	year         = {-150},
	publisher    = {CreateSpace Independent Publishing Platform},
	pages        = 26,
	isbn         = 1718614519
}
@book{107EpistlesOfIgnatius,
	title        = {The Epistles of St. Ignatius, Bishop of Antioch},
	author       = {Ignatius of Antioch},
	year         = 1708,
	publisher    = {BiblioLife},
	pages        = 84,
	isbn         = 1116193051
}
@book{SecondAlcibiades,
	title        = {The Second Alcibiades},
	author       = {Plato},
	year         = {},
	publisher    = {Spartacus Books},
	pages        = {},
	isbn         = 599905492
}
@book{1954LordOfTheFlies,
	title        = {Lord of the Flies},
	author       = {William Golding},
	year         = 1954,
	publisher    = {Penguin Books},
	pages        = 182,
	isbn         = 140283331
}
@book{FirstAlcibiades,
	title        = {The First Alcibiades},
	author       = {Plato},
	year         = {},
	publisher    = {Spartacus Books},
	pages        = {},
	isbn         = 599905476
}
@book{380BCLysis,
	title        = {Lysis},
	author       = {Plato},
	year         = {-380},
	publisher    = {Kessinger Publishing},
	pages        = 48,
	isbn         = {141913180X}
}
@book{380BCLaches,
	title        = {Laches},
	author       = {Plato},
	year         = {-380},
	publisher    = {Kessinger Publishing},
	pages        = 48,
	isbn         = 1419128957
}
@book{390BCIon,
	title        = {Plato's Ion},
	author       = {Plato},
	year         = {-390},
	publisher    = {Actonian Press},
	pages        = {},
	isbn         = {}
}
@book{380BCPhaedo,
	title        = {Phaedo},
	author       = {Plato},
	year         = {-380},
	publisher    = {Oxford University Press},
	pages        = 144,
	isbn         = 192839535
}
@book{1964GilsonStBernard,
	title        = {The Mystical Theology of St. Bernard (Cistercian Studies)},
	author       = {\'{E}tienne Gilson},
	year         = 1964,
	publisher    = {Liturgical Press},
	pages        = 266,
	isbn         = 879079606
}
@book{1689CroisetSacredHeart,
	title        = {The Devotion To The Sacred Heart Of Jesus: How to Practice the Sacred Heart Devotion},
	author       = {Jean Croiset},
	year         = 1689,
	publisher    = {TAN Books},
	pages        = 343,
	isbn         = 895553341
}
@book{1989Citizens,
	title        = {Citizens: A Chronicle of the French Revolution},
	author       = {Simon Schama},
	year         = 1989,
	publisher    = {Random House, Inc. (NYC)},
	pages        = 948,
	isbn         = 679726101
}
@book{1993HumilityOfHeart,
	title        = {Humility Of Heart},
	author       = {Cajetan Maria da Bergamo},
	year         = 1993,
	publisher    = {TAN Books},
	pages        = 236,
	isbn         = 895557665
}
@book{1996LLPSI,
	title        = {Lingua Latina per se Illustrata: Pars I: Familia Romana},
	author       = {Hans Henning \O{}rberg},
	year         = 1996,
	publisher    = {Focus Publishing/R. Pullins Co.},
	pages        = 328,
	isbn         = 1585102016
}
@book{380BCSymposium,
	title        = {The Symposium},
	author       = {Plato},
	year         = {-380},
	publisher    = {Penguin Books},
	pages        = 131,
	isbn         = 140449272
}
@book{150Diognetus,
	title        = {The Epistle of Mathetes to Diognetus},
	author       = {Mathetes},
	year         = 150,
	publisher    = {},
	pages        = 22,
	isbn         = {}
}
@book{1Clement,
	title        = {The 1st Epistle of Clement to the Corinthians: The Early Church Fathers},
	author       = {Clement of Rome},
	year         = {},
	publisher    = {CreateSpace Independent Publishing Platform},
	pages        = 52,
	isbn         = {154101765X}
}
@book{FirstApologyOfJustin,
	title        = {First Apology of Justin Martyr},
	author       = {Justin Martyr},
	year         = 150,
	publisher    = {Createspace Independent Publishing Platform},
	pages        = 48,
	isbn         = 1981861149
}
@book{FelicityAndPerpetua,
	title        = {The Passion of Saints Perpetua and Felicity},
	author       = {Vivia Perpetua},
	year         = 200,
	publisher    = {},
	pages        = 20,
	isbn         = {}
}
@book{390BCEuthyphro,
	title        = {Euthyphro},
	author       = {Plato},
	year         = {-399},
	publisher    = {Duckworth Publishers},
	pages        = 128,
	isbn         = 1853991325
}
@book{385BCCrito,
	title        = {Crito},
	author       = {Plato},
	year         = {-385},
	publisher    = {Duckworth Publishers},
	pages        = 116,
	isbn         = 1853994693
}
@book{388BCApology,
	title        = {Apology},
	author       = {Plato},
	year         = {-399},
	publisher    = {Bolchazy-Carducci Publishers},
	pages        = 127,
	isbn         = 865163480
}
@book{180MartyrdomPolycarp,
	title        = {The Martyrdom of Polycarp},
	author       = {J.B. Lightfoot},
	year         = 180,
	publisher    = {},
	pages        = 18,
	isbn         = {}
}
@book{1861DivineProvidence,
	title        = {Abandonment to Divine Providence: With Letters of Father de Caussade on the Practice of Self-Abandonment},
	author       = {Jean-Pierre de Caussade},
	year         = 1861,
	publisher    = {Ignatius Press},
	pages        = 470,
	isbn         = 1586174711
}
@book{Barnabas,
	title        = {The Epistle of Barnabas},
	author       = {Barnabas},
	year         = {},
	publisher    = {},
	pages        = {},
	isbn         = {}
}
@book{530BenedictsRule,
	title        = {Rule of St. Benedict},
	author       = {Benedict of Nursia},
	year         = 530,
	publisher    = {Createspace Independent Publishing Platform},
	pages        = 74,
	isbn         = 1530221056
}
@book{1927LovecraftColourSpace,
	title        = {The Colour Out of Space},
	author       = {H.P. Lovecraft},
	year         = 1927,
	publisher    = {Penguin Books},
	pages        = 78,
	isbn         = 141196106
}
@book{ElijahInJerusalem,
	title        = {Elijah in Jerusalem (Children of the Last Days \#7)},
	author       = {Michael D. O'Brien},
	year         = 2015,
	publisher    = {Ignatius Press},
	pages        = 282,
	isbn         = 1586179462
}
@book{FatherElijah,
	title        = {Father Elijah: An Apocalypse (Children of the Last Days, \#4)},
	author       = {Michael D. O'Brien},
	year         = 1996,
	publisher    = {Ignatius Press},
	pages        = 597,
	isbn         = 898706904
}
@book{1100SongOfRoland,
	title        = {The Song of Roland},
	author       = {Anonymous},
	year         = 1100,
	publisher    = {Penguin Books},
	pages        = 208,
	isbn         = 140440755
}
@book{1670Pensees,
	title        = {Pens\'{e}es},
	author       = {Blaise Pascal},
	year         = 1670,
	publisher    = {Penguin Classics},
	pages        = 334,
	isbn         = 140446451
}
@book{2014GnosticAmerica,
	title        = {Gnostic America: A Reading of Contemporary American Culture \& Religion according to Christianity's Oldest Heresy},
	author       = {Peter M. Burfeind},
	year         = 2014,
	publisher    = {},
	pages        = 418,
	isbn         = {}
}
@book{2008LastSuperstition,
	title        = {The Last Superstition: A Refutation of the New Atheism},
	author       = {Edward Feser},
	year         = 2008,
	publisher    = {St. Augustines Press},
	pages        = 312,
	isbn         = {}
}
@book{2013RyanAristotle,
	title        = {On Aristotle: Saving Politics from Philosophy},
	author       = {Alan  Ryan},
	year         = 2013,
	publisher    = {Liveright},
	pages        = 224,
	isbn         = {087140706X}
}
@book{2004Jesuits,
	title        = {The Jesuits},
	author       = {Jonathan Wright},
	year         = 2004,
	publisher    = {Harper Perennial},
	pages        = 352,
	isbn         = 6532128
}
@book{1974SpiritualFriendship,
	title        = {Spiritual Friendship},
	author       = {Aelred of Rievaulx},
	year         = 1974,
	publisher    = {Cistercian Publications},
	pages        = 144,
	isbn         = 879077050
}
@book{JesusDeadSeaScrolls,
	title        = {Jesus and the Dead Sea Scrolls: Revealing the Jewish Roots of Christianity},
	author       = {John Bergsma},
	year         = {},
	publisher    = {Image},
	pages        = 256,
	isbn         = 1984823124
}
@book{TheFirstSociety,
	title        = {The First Society: The Sacrament of Matrimony and the Restoration of the Social Order},
	author       = {Scott Hahn},
	year         = {},
	publisher    = {Emmaus Road Publishing},
	pages        = 208,
	isbn         = 1947792547
}
@book{GreatHeresiesBelloc,
	title        = {The Great Heresies},
	author       = {Hilaire Belloc},
	year         = 1938,
	publisher    = {TAN Books},
	pages        = 161,
	isbn         = {}
}
@book{1589SpiritualCombat,
	title        = {The Spiritual Combat},
	author       = {Lorenzo Scupoli},
	year         = 1589,
	publisher    = {Catholic Way Publishing},
	pages        = 240,
	isbn         = {}
}
@book{1923PublicOpinionBernays,
	title        = {Crystallizing Public Opinion},
	author       = {Edward L. Bernays},
	year         = 1923,
	publisher    = {Kessinger Publishing},
	pages        = 220,
	isbn         = 1417915080
}
@book{1579AscentOfMtCarmel,
	title        = {The Ascent of Mount Carmel},
	author       = {John of the Cross},
	year         = 1579,
	publisher    = {Kessinger Publishing},
	pages        = 428,
	isbn         = 1428614001
}
@book{108EpistleOfPolycarp,
	title        = {The Epistle of Polycarp to the Philippians (Annotated)},
	author       = {Polycarp},
	year         = 108,
	publisher    = {},
	pages        = 26,
	isbn         = {}
}
@book{1758PreparationForDeath,
	title        = {Preparation for Death (The Ascetical Works, \#1)},
	author       = {Alfonso Mar\'{\i}a de Liguori},
	year         = 1758,
	publisher    = {Redemptorist fathers},
	pages        = 473,
	isbn         = {}
}
@book{318OnTheIncarnation,
	title        = {On the Incarnation},
	author       = {Athanasius of Alexandria},
	year         = 318,
	publisher    = {St. Vladimir's Seminary Press},
	pages        = 120,
	isbn         = 913836400
}
@book{1588InteriorCastle,
	title        = {The Interior Castle},
	author       = {Teresa of \'{A}vila},
	year         = 1588,
	publisher    = {Createspace Independent Publishing Platform},
	pages        = 92,
	isbn         = 1724644807
}
@book{2008BlackDeath,
	title        = {The Black Death: A Personal History},
	author       = {John Hatcher},
	year         = 2008,
	publisher    = {Da Capo Press},
	pages        = 318,
	isbn         = 306815710
}
@book{1975OrthodoxyReligionRose,
	title        = {Orthodoxy and the Religion of the Future},
	author       = {Seraphim Rose},
	year         = 1975,
	publisher    = {Saint Herman of Alaska Brotherhood},
	pages        = 272,
	isbn         = {188790400X}
}
@book{1995Kaczynski,
	title        = {Industrial Society and Its Future},
	author       = {Theodore J. Kaczynski},
	year         = 1995,
	publisher    = {},
	pages        = 149,
	isbn         = {}
}
@book{1992Catechism,
	title        = {Catechism of the Catholic Church},
	author       = {Pope John Paul II},
	year         = 1992,
	publisher    = {Image},
	pages        = 864,
	isbn         = 385479670
}
@book{2006Memorise,
	title        = {Memorize the Faith! (and Most Anything Else): Using the Methods of the Great Catholic Medieval Memory Masters},
	author       = {Kevin Vost},
	year         = 2006,
	publisher    = {Sophia Institute Press},
	pages        = 249,
	isbn         = 1933184175
}
@book{2016OlympiaChrysostom,
	title        = {Saint John Chrysostom Letters to Saint Olympia},
	author       = {John Chrysostom},
	year         = 2016,
	publisher    = {St. Vladimir's Seminary Press},
	pages        = 172,
	isbn         = {}
}
@book{125Enchiridion,
	title        = {Enchiridion},
	author       = {Epictetus},
	year         = 125,
	publisher    = {},
	pages        = 89,
	isbn         = {}
}
@book{400OnPatience,
	title        = {On Patience (De patientia)},
	author       = {Augustine of Hippo},
	year         = 400,
	publisher    = {},
	pages        = 18,
	isbn         = {}
}
@book{1926Bablyon,
	title        = {The Richest Man in Babylon},
	author       = {George S. Clason},
	year         = 1926,
	publisher    = {Berkley Books},
	pages        = 194,
	isbn         = 451205367
}
@book{600LifeOfStMary,
	title        = {The Life Of St. Mary Of Egypt},
	author       = {Mother Thekla},
	year         = {},
	publisher    = {Peregrina Publishing Company},
	pages        = 39,
	isbn         = 920669255
}
@book{2014WisdomOfStIsaac,
	title        = {The Wisdom of Saint Isaac the Syrian (Fairacres Publications)},
	author       = {Isaac the Syrian},
	year         = 2014,
	publisher    = {SLG Press},
	pages        = 32,
	isbn         = {}
}
@book{1985Wilfrid,
	title        = {The Life of Bishop Wilfrid by Eddius Stephanus},
	author       = {Eddius Stephanus},
	year         = 1985,
	publisher    = {Cambridge University Press},
	pages        = 216,
	isbn         = 521313872
}
@book{1924MentalPrayer,
	title        = {The Ways of Mental Prayer},
	author       = {Vitalis Lehodey},
	year         = 1924,
	publisher    = {TAN Books},
	pages        = 440,
	isbn         = 895551780
}
@book{1956Wheelock,
	title        = {Wheelock's Latin},
	author       = {Frederic M. Wheelock},
	year         = 1956,
	publisher    = {HarperCollins},
	pages        = 560,
	isbn         = 60956410
}
@book{1609FrancisDeSales,
	title        = {Introduction to the Devout Life},
	author       = {Francis de Sales},
	year         = 1609,
	publisher    = {Vintage},
	pages        = 288,
	isbn         = 375725628
}
@book{94Antiquities,
	title        = {Jewish Antiquities},
	author       = {Flavius Josephus},
	year         = 94,
	publisher    = {Wordsworth Editions},
	pages        = 928,
	isbn         = 1840221321
}
@book{2014BedesLifeStCuthbert,
	title        = {Bede's Life of St Cuthbert},
	author       = {Bede},
	year         = 2014,
	publisher    = {Createspace Independent Publishing Platform},
	pages        = 118,
	isbn         = 1533208417
}
@book{20074Hour,
	title        = {The 4-Hour Workweek},
	author       = {Timothy Ferriss},
	year         = 2007,
	publisher    = {Harmony Books},
	pages        = 308,
	isbn         = 307353133
}
@book{2000OReillyMunakata,
	title        = {Computational Explorations in Cognitive Neuroscience: Understanding the Mind by Simulating the Brain},
	author       = {Randall C. O'Reilly},
	year         = 2000,
	publisher    = {Bradford Book},
	pages        = 532,
	isbn         = 262650541
}
@book{1995Kaufman,
	title        = {Network Security: Private Communication in a Public World},
	author       = {Charlie  Kaufman},
	year         = 1995,
	publisher    = {Prentice Hall},
	pages        = 752,
	isbn         = 130460192
}
@book{1992Quinlan,
	title        = {C4.5: Programs for Machine Learning},
	author       = {Ross Quinlan},
	year         = 1992,
	publisher    = {Morgan Kaufmann Publishers},
	pages        = 302,
	isbn         = 1558602380
}
@book{StallingDataComms,
	title        = {Data and Computer Communications},
	author       = {William Stalling},
	year         = {},
	publisher    = {Prentice Hall of India},
	pages        = {},
	isbn         = 8120330781
}
@book{2013ScienceMyth,
	title        = {The Science Myth},
	author       = {Dominique Chu},
	year         = 2013,
	publisher    = {Iff Books},
	pages        = 437,
	isbn         = {}
}
@book{94ContraApion,
	title        = {Against Apion},
	author       = {Flavius Josephus},
	year         = 94,
	publisher    = {},
	pages        = 85,
	isbn         = {}
}
@book{75JewishWar,
	title        = {The Jewish War},
	author       = {Flavius Josephus},
	year         = 75,
	publisher    = {Penguin Classics},
	pages        = 511,
	isbn         = 140444203
}
@book{1936FriendsAndInfluence,
	title        = {How to Win Friends and Influence People},
	author       = {Dale Carnegie},
	year         = 1936,
	publisher    = {Gallery Books},
	pages        = 288,
	isbn         = {}
}
@book{2008Bonaventure,
	title        = {Holiness of Life},
	author       = {Bonaventure},
	year         = 2008,
	publisher    = {Catholic Way Publishing},
	pages        = 52,
	isbn         = {}
}
@book{324EusebiusEcclesiastical,
	title        = {The History of the Church: From Christ to Constantine},
	author       = {Eusebius},
	year         = 324,
	publisher    = {Penguin Classics},
	pages        = 435,
	isbn         = 140445358
}
@book{1980Vulgate,
	title        = {Biblia Sacra Vulgata},
	author       = {Anonymous},
	year         = 328,
	publisher    = {Deutsche Bibelgesellschaft},
	pages        = 1980,
	isbn         = 3438053039
}
@book{330BCMetaphysicsOfAristotle,
	title        = {Metaphysics},
	author       = {Aristotle},
	year         = {-330},
	publisher    = {Green Lion Press},
	pages        = 368,
	isbn         = 1888009039
}
@book{2003MaximusCosmic,
	title        = {On the Cosmic Mystery of Jesus Christ: Selected Writings},
	author       = {St Maximus the Confessor},
	year         = 2003,
	publisher    = {St. Vladimir's Seminary Press},
	pages        = 188,
	isbn         = {088141249X}
}
@book{49ShortnessOfLifeSeneca,
	title        = {On the Shortness of Life},
	author       = {Seneca},
	year         = 49,
	publisher    = {Penguin Books},
	pages        = 106,
	isbn         = 143036327
}
@book{420LausiacHistory,
	title        = {The Lausiac History},
	author       = {Palladius of Galatia},
	year         = 420,
	publisher    = {Newman Press},
	pages        = 276,
	isbn         = 809100835
}
@book{1712DevotionToMaryMonfort,
	title        = {True Devotion to Mary},
	author       = {Louis de Montfort},
	year         = 1712,
	publisher    = {Tan Books},
	pages        = 215,
	isbn         = 895552795
}
@book{1905ChestertonHeretics,
	title        = {Heretics},
	author       = {G.K. Chesterton},
	year         = 1905,
	publisher    = {Dover Publications},
	pages        = 176,
	isbn         = 486449149
}
@book{380BCRepublic,
	title        = {The Republic},
	author       = {Plato},
	year         = {-380},
	publisher    = {Penguin Classics},
	pages        = 416,
	isbn         = 140449140
}
@book{400Confessions,
	title        = {Confessions},
	author       = {Augustine of Hippo},
	year         = 400,
	publisher    = {Oxford University Press},
	pages        = 341,
	isbn         = 192833723
}
@book{1908Orthodoxy,
	title        = {Orthodoxy},
	author       = {G.K. Chesterton},
	year         = 1908,
	publisher    = {Waking Lion Press},
	pages        = 168,
	isbn         = {160096527X}
}
@book{731EcclesiasticalBede,
	title        = {Ecclesiastical History of the English People},
	author       = {Bede},
	year         = 731,
	publisher    = {Penguin Classics},
	pages        = 400,
	isbn         = {014044565X}
}
@book{CloudOfUnknowing,
	title        = {The Cloud of Unknowing with the Book of Privy Counsel: A New Translation},
	author       = {Carmen Acevedo Butcher},
	year         = {},
	publisher    = {Shambhala},
	pages        = 276,
	isbn         = {}
}
@book{1908ManWhoWasThursday,
	title        = {The Man Who Was Thursday: A Nightmare},
	author       = {G.K. Chesterton},
	year         = 1908,
	publisher    = {Modern Library},
	pages        = 182,
	isbn         = 375757910
}
@book{70Didache,
	title        = {The Didache},
	author       = {Anonymous},
	year         = 70,
	publisher    = {BooksAndSuch},
	pages        = 20,
	isbn         = {}
}
@book{1982AfterVirtue,
	title        = {After Virtue: A Study in Moral Theory},
	author       = {Alasdair MacIntyre},
	year         = 1982,
	publisher    = {University of Notre Dame Press},
	pages        = 304,
	isbn         = 268006113
}
@book{2007Ripperger,
	title        = {Introduction to the Science of Mental Health},
	author       = {Chad A. Ripperger},
	year         = 2007,
	publisher    = {Sensus Traditionis Press},
	pages        = 828,
	isbn         = 615815391
}
@book{250BCEconomicsOfAristotle,
	title        = {Economics},
	author       = {Aristotle},
	year         = {-250},
	publisher    = {Aeterna Press},
	pages        = 30,
	isbn         = 1785167790
}
@book{2004Ratzinger,
	title        = {Jesus of Nazareth: The Infancy Narratives},
	author       = {Benedict XVI},
	year         = 2004,
	publisher    = {Random House Large Print},
	pages        = 256,
	isbn         = 804120978
}
@book{GibranPoems,
	title        = {The Forerunner},
	author       = {Kahlil Gibran},
	year         = {},
	publisher    = {Independently Published},
	pages        = 64,
	isbn         = 1096549980
}
% Cringe %
@book{2001Greene,
	title        = {The Art of Seduction},
	author       = {Robert Greene},
	year         = 2001,
	publisher    = {Penguin},
	pages        = 466,
	isbn         = 1861977697
}
@book{2007Benedict,
	title        = {Jesus of Nazareth: From the Baptism in the Jordan to the Transfiguration},
	author       = {Benedict XVI},
	year         = 2007,
	publisher    = {Image},
	pages        = 400,
	isbn         = 385523416
}
@book{1427KempisImitation,
	title        = {The Imitation of Christ},
	author       = {Thomas \`{a} Kempis},
	year         = 1427,
	publisher    = {Vintage},
	pages        = 288,
	isbn         = 375700188
}
@book{1904AutobiographyOfLoyola,
	title        = {The Autobiography of St. Ignatius},
	author       = {Ignatius of Loyola},
	year         = 1904,
	publisher    = {},
	pages        = 184,
	isbn         = {}
}
@book{300BC1Enoch,
	title        = {The Book of Enoch (Ethiopian)},
	author       = {Enoch},
	year         = {-300},
	publisher    = {Dover Publications},
	pages        = 160,
	isbn         = 486454665
}
@book{2001SecretumSecretorum,
	title        = {Secretum Secretorum},
	author       = {Pseudo-Aristotle},
	year         = 2001,
	publisher    = {Theophania Publishing},
	pages        = 98,
	isbn         = 1770830596
}
@book{180GospelOfTruthValentinius,
	title        = {The Gospel of Truth: The Mystical Gospel},
	author       = {Anonymous},
	year         = 180,
	publisher    = {},
	pages        = 72,
	isbn         = {}
}
@book{1908TwelvePatriarchs,
	title        = {The Testament of the Twelve Patriarchs},
	author       = {R.H. Charles},
	year         = 1908,
	publisher    = {wipf and stock publishers},
	pages        = 108,
	isbn         = 1592445977
}
@book{1265AquinasRegno,
	title        = {De Regno: On Kingship},
	author       = {Thomas Aquinas},
	year         = 1265,
	publisher    = {Divine Providence Press},
	pages        = 130,
	isbn         = {069235400X}
}
@book{1923GibranProphet,
	title        = {The Prophet},
	author       = {Kahlil Gibran},
	year         = 1923,
	publisher    = {Rupa \& Co},
	pages        = 127,
	isbn         = {000100039X}
}
@book{DoppLogic,
	title        = {Formal Logic},
	author       = {Joseph Dopp},
	year         = {},
	publisher    = {},
	pages        = {},
	isbn         = {}
}
@book{1912Servile,
	title        = {The Servile State},
	author       = {Hilaire Belloc},
	year         = 1912,
	publisher    = {Liberty Fund Inc.},
	pages        = 208,
	isbn         = 913966320
}
@book{SarovAcquisitionOfTheHolySpirit,
	title        = {On Acquisition of the Holy Spirit},
	author       = {St. Seraphim of Sarov},
	year         = {},
	publisher    = {Skyros Publishing},
	pages        = 62,
	isbn         = {}
}
@book{2008Buchanan,
	title        = {"Churchill, Hitler and ""The Unnecessary War"": How Britain Lost Its Empire and the West Lost the World"},
	author       = {Patrick J. Buchanan},
	year         = 2008,
	publisher    = {Crown},
	pages        = 400,
	isbn         = {030740515X}
}
@book{1998Archeofuturism,
	title        = {Archeofuturism},
	author       = {Guillaume Faye},
	year         = 1998,
	publisher    = {Arktos Media Ltd},
	pages        = 252,
	isbn         = 1907166092
}
@book{1944Stalingrad,
	title        = {Stalingrad Diary},
	author       = {Erich Weinert},
	year         = 1944,
	publisher    = {I.N.G. Publications Ltd.},
	pages        = 48,
	isbn         = {}
}
@book{818Charlemagne,
	title        = {The Life of Charlemagne},
	author       = {Einhard},
	year         = 818,
	publisher    = {University of Michigan Press (Ann Arbor)},
	pages        = 75,
	isbn         = {047206035X}
}
@book{2002Berlin,
	title        = {The Fall of Berlin 1945},
	author       = {Antony Beevor},
	year         = 2002,
	publisher    = {Penguin Books},
	pages        = 490,
	isbn         = 142002801
}
@book{2008BloodyWhiteBaron,
	title        = {The Bloody White Baron: The Extraordinary Story of the Russian Nobleman Who Became the Last Khan of Mongolia},
	author       = {James    Palmer},
	year         = 2008,
	publisher    = {Faber \& Faber},
	pages        = 288,
	isbn         = 571230237
}
@book{2006HistoryOfAngloSaxons,
	title        = {A Brief History of the Anglo-Saxons: The Beginnings of the English Nation},
	author       = {Geoffrey Hindley},
	year         = 2006,
	publisher    = {Running Press},
	pages        = 320,
	isbn         = 786717386
}
@book{2009ScholarKreeftAquinas,
	title        = {The Modern Scholar: The Philosophy of Thomas Aquinas},
	author       = {Peter Kreeft},
	year         = 2009,
	publisher    = {Recorded Books},
	pages        = {},
	isbn         = {}
}
@book{1999LibidoDominandi,
	title        = {Libido Dominandi: Sexual Liberation and Political Control},
	author       = {E. Michael Jones},
	year         = 1999,
	publisher    = {St. Augustines Press},
	pages        = 668,
	isbn         = 1587314657
}
@book{2017CrusadesBrownworth,
	title        = {In Distant Lands: A Short History of the Crusades},
	author       = {Lars Brownworth},
	year         = 2017,
	publisher    = {Crux Publishing Ltd},
	pages        = 262,
	isbn         = {}
}
@book{1993StoneCold,
	title        = {Stone Cold},
	author       = {Robert Swindells},
	year         = 1993,
	publisher    = {Heinemann Educational Publishers},
	pages        = 100,
	isbn         = 435124684
}
@book{PhoneyVictoryHitchens,
	title        = {The Phoney Victory: The World War II Illusion},
	author       = {Peter Hitchens},
	year         = {},
	publisher    = {I.B. Tauris},
	pages        = 264,
	isbn         = 1788313291
}
@book{2008DeepNutrition,
	title        = {Deep Nutrition: Why Your Genes Need Traditional Food},
	author       = {Catherine Shanahan},
	year         = 2008,
	publisher    = {Big Box Books},
	pages        = 336,
	isbn         = 615228380
}
@book{1263ContraErroresGraecorum,
	title        = {Against the Errors of the Greeks},
	author       = {Thomas Aquinas},
	year         = 1263,
	publisher    = {},
	pages        = 79,
	isbn         = {}
}
@book{1980DeSpirituSancto,
	title        = {On the Holy Spirit},
	author       = {Basil the Great},
	year         = 1980,
	publisher    = {St. Vladimir's Seminary Press},
	pages        = 118,
	isbn         = 913836745
}
@book{1980HolyIconsJohn,
	title        = {On the Divine Images},
	author       = {John of Damascus},
	year         = 1980,
	publisher    = {St. Vladimir's Seminary Press},
	pages        = 107,
	isbn         = 913836621
}
@book{2010AdversusJudaeos,
	title        = {Eight Homilies Against the Jews},
	author       = {John Chrysostom},
	year         = 2010,
	publisher    = {},
	pages        = 164,
	isbn         = {}
}
@book{1968SunSteel,
	title        = {Sun and Steel},
	author       = {Yukio Mishima},
	year         = 1968,
	publisher    = {Kodansha International},
	pages        = 108,
	isbn         = 4770029039
}
@book{1949IntelligentInvesto,
	title        = {The Intelligent Investor},
	author       = {Benjamin Graham},
	year         = 1949,
	publisher    = {Harper Business},
	pages        = 623,
	isbn         = 60555661
}
@book{1920StormOfSteel,
	title        = {Storm of Steel},
	author       = {Ernst J\"{u}nger},
	year         = 1920,
	publisher    = {Penguin Books},
	pages        = 289,
	isbn         = 141186917
}
@book{2010DeMarco,
	title        = {The Millionaire Fastlane: Crack the Code to Wealth and Live Rich for a Lifetime!},
	author       = {M.J. DeMarco},
	year         = 2010,
	publisher    = {Viperion Publishing Corp},
	pages        = 322,
	isbn         = 984358102
}
@book{2007Taleb,
	title        = {The Black Swan: The Impact of the Highly Improbable},
	author       = {Nassim Nicholas Taleb},
	year         = 2007,
	publisher    = {Random House},
	pages        = 366,
	isbn         = 1400063515
}
@book{1548Spiritual,
	title        = {The Spiritual Exercises},
	author       = {Ignatius of Loyola},
	year         = 1548,
	publisher    = {Vintage},
	pages        = 224,
	isbn         = 375724923
}
@book{2015Rollo,
	title        = {The Rational Male – Preventive Medicine},
	author       = {Rollo Tomassi},
	year         = 2015,
	publisher    = {},
	pages        = 232,
	isbn         = {}
}
@book{2013Rollo,
	title        = {The Rational Male},
	author       = {Rollo Tomassi},
	year         = 2013,
	publisher    = {CreateSpace},
	pages        = 300,
	isbn         = 1492777862
}
@book{2018BAP,
	title        = {Bronze Age Mindset: An Exhortation},
	author       = {Bronze Age Pervert},
	year         = 2018,
	publisher    = {Independently published},
	pages        = 198,
	isbn         = 1983090441
}
@book{6619080,
	title        = {Polaris},
	author       = {H.P. Lovecraft},
	year         = 1919,
	publisher    = {},
	pages        = 38,
	isbn         = {}
}
@book{13175692,
	title        = {The Shadow Over Innsmouth},
	author       = {H.P. Lovecraft},
	year         = 1936,
	publisher    = {Visionary Publishing Company},
	pages        = 158,
	isbn         = 1450562795
}
@book{5024135,
	title        = {Nyarlathotep},
	author       = {H.P. Lovecraft},
	year         = 1920,
	publisher    = {Boom Town},
	pages        = 32,
	isbn         = 1934506656
}
@book{6597221,
	title        = {The Hound},
	author       = {H.P. Lovecraft},
	year         = 1924,
	publisher    = {Classics-Unbound},
	pages        = 30,
	isbn         = {}
}
@book{6505012,
	title        = {The Nameless City},
	author       = {H.P. Lovecraft},
	year         = 1921,
	publisher    = {Classics-Unbound},
	pages        = 23,
	isbn         = {}
}
@book{12403819,
	title        = {Dagon},
	author       = {H.P. Lovecraft},
	year         = 1919,
	publisher    = {},
	pages        = 15,
	isbn         = {}
}
@book{32767,
	title        = {At the Mountains of Madness},
	author       = {H.P. Lovecraft},
	year         = 1936,
	publisher    = {Modern Library},
	pages        = 138,
	isbn         = 812974417
}
@book{15730101,
	title        = {The Call of Cthulhu},
	author       = {H.P. Lovecraft},
	year         = 1928,
	publisher    = {Amazon Digital Services, Inc.},
	pages        = 43,
	isbn         = {}
}
@book{160149,
	title        = {The Call of Cthulhu and Other Weird Stories},
	author       = {H.P. Lovecraft},
	year         = 1926,
	publisher    = {Penguin Classics},
	pages        = 420,
	isbn         = 141182342
}
@book{292195,
	title        = {Myths from Mesopotamia: Creation, the Flood, Gilgamesh, and Others},
	author       = {Anonymous},
	year         = {-1750},
	publisher    = {Oxford University Press},
	pages        = 339,
	isbn         = 192835890
}
@book{31910,
	title        = {Early Greek Philosophy},
	author       = {Jonathan Barnes},
	year         = 1987,
	publisher    = {Penguin Books},
	pages        = 336,
	isbn         = 140448152
}
@book{963469,
	title        = {Dead Sea Scrolls Uncovered},
	author       = {Robert H. Eisenman},
	year         = 1992,
	publisher    = {Dorset House Publishing Co Inc},
	pages        = 286,
	isbn         = {156619623X}
}
@book{1405,
	title        = {The Eclogues and The Georgics},
	author       = {Virgil},
	year         = {-38},
	publisher    = {Oxford University Press},
	pages        = 180,
	isbn         = 192837680
}
@book{1944Lossky,
	title        = {The Mystical Theology of the Eastern Church},
	author       = {Vladimir Lossky},
	year         = 1944,
	publisher    = {St. Vladimir's Seminary Press},
	pages        = 252,
	isbn         = 913836311
}
@book{711848,
	title        = {On God and Christ, The Five Theological Orations and Two Letters to Cledonius: St. Gregory of Nazianzus},
	author       = {Gregory of Nazianzus},
	year         = 379,
	publisher    = {St. Vladimir's Seminary Press},
	pages        = 175,
	isbn         = 881412406
}
@book{426CivitateDei,
	title        = {City of God},
	author       = {Augustine of Hippo},
	year         = 426,
	publisher    = {Penguin Books Ltd},
	pages        = 1186,
	isbn         = 140448942
}
@book{168487,
	title        = {The Persian Expedition},
	author       = {Xenophon},
	year         = {-390},
	publisher    = {Penguin Classics},
	pages        = 375,
	isbn         = 140440070
}
@book{350BCDeAnima,
	title        = {De Anima (On the Soul)},
	author       = {Aristotle},
	year         = {-350},
	publisher    = {Penguin Books},
	pages        = 254,
	isbn         = 140444718
}
@book{1934Evola,
	title        = {Revolt Against the Modern World},
	author       = {Julius Evola},
	year         = 1934,
	publisher    = {Inner Traditions},
	pages        = 375,
	isbn         = {089281506X}
}
@book{1637Descartes,
	title        = {Discourse on Method and Meditations on First Philosophy},
	author       = {Ren\'{e} Descartes},
	year         = 1637,
	publisher    = {Hackett Publishing Company, Inc.},
	pages        = 103,
	isbn         = 872204200
}
@book{1975Ward,
	title        = {The Sayings of the Desert Fathers: The Alphabetical Collection (Cistercian studies 59)},
	author       = {Benedicta Ward},
	year         = 1975,
	publisher    = {Liturgical Press},
	pages        = 269,
	isbn         = 879079592
}
@book{1937Steinbeck,
	title        = {Of Mice and Men},
	author       = {John Steinbeck},
	year         = 1937,
	publisher    = {Penguin Books},
	pages        = 103,
	isbn         = 142000671
}
@book{1274SummaTheologiae,
	title        = {Summa Theologica, 5 Vols},
	author       = {Thomas Aquinas},
	year         = 1274,
	publisher    = {Christian Classics},
	isbn         = 870610635
}
@book{400NagHammadi,
	title        = {The Nag Hammadi Library},
	author       = {Anonymous},
	year         = 400,
	publisher    = {Harper},
	pages        = 576,
	isbn         = 60669357
}
@book{1928Propaganda,
	title        = {Propaganda},
	author       = {Edward L. Bernays},
	year         = 1928,
	publisher    = {Ig Publishing},
	pages        = 168,
	isbn         = 970312598
}
@book{1984Influence,
	title        = {Influence: The Psychology of Persuasion},
	author       = {Robert B. Cialdini},
	year         = 1984,
	publisher    = {Harper Business},
	pages        = 320,
	isbn         = {006124189X}
}
@book{1996EvolaWar,
	title        = {Metaphysics of War},
	author       = {Julius Evola},
	year         = 1996,
	publisher    = {Integral Tradition Publishing},
	pages        = 154,
	isbn         = 8792136001
}
@book{1937Hobbit,
	title        = {The Hobbit, or There and Back Again},
	author       = {J.R.R. Tolkien},
	year         = 1937,
	publisher    = {Houghton Mifflin},
	pages        = 366,
	isbn         = 618260307
}
@book{1964AquinasSummaContra,
	title        = {Summa Contra Gentiles},
	author       = {Thomas Aquinas},
	year         = 1264,
	publisher    = {University of Notre Dame Press},
	pages        = 1588,
	isbn         = 268016763
}
@book{2015Moldbug,
	title        = {An Open Letter to Open-Minded Progressives},
	author       = {Mencius Moldbug},
	year         = 2015,
	publisher    = {Unqualified Reservations},
	pages        = 335,
	isbn         = {}
}
@book{1949Orwell,
	title        = 1984,
	author       = {George Orwell},
	year         = 1949,
	publisher    = {Houghton Mifflin Harcourt},
	pages        = 237,
	isbn         = {}
}
@book{600BCTaoTeChing,
	title        = {Tao Te Ching},
	author       = {Lao Tzu},
	year         = {-600},
	publisher    = {Vintage},
	pages        = 160,
	isbn         = 679724346
}
@book{2001Taleb,
	title        = {Fooled by Randomness: The Hidden Role of Chance in Life and in the Markets},
	author       = {Nassim Nicholas Taleb},
	year         = 2001,
	publisher    = {Random House Trade Paperbacks},
	pages        = 368,
	isbn         = 812975219
}
@book{1901WillToPowerNietzsche,
	title        = {The Will to Power},
	author       = {Friedrich Nietzsche},
	year         = 1901,
	publisher    = {Vintage Books},
	pages        = 575,
	isbn         = 394704371
}
@book{524Boethius,
	title        = {The Consolation of Philosophy},
	author       = {Boethius},
	year         = 524,
	publisher    = {Penguin Classics},
	pages        = 192,
	isbn         = 140447806
}
@book{1807Phenomenology,
	title        = {Hegel's Phenomenology of Spirit},
	author       = {Georg Wilhelm Friedrich Hegel},
	year         = 1807,
	publisher    = {Oxford University Press},
	pages        = 640,
	isbn         = 198245971
}
@book{1992Tanenbaum,
	title        = {Modern Operating Systems},
	author       = {Andrew S. Tanenbaum},
	year         = 1992,
	publisher    = {Prentice Hall},
	pages        = 976,
	isbn         = 130313580
}
@book{1989Doyle,
	title        = {The Oxford History of the French Revolution},
	author       = {William Doyle},
	year         = 1989,
	publisher    = {Oxford University Press, USA},
	pages        = 481,
	isbn         = {019925298X}
}
@book{1980Doyle,
	title        = {Origins of the French Revolution},
	author       = {William Doyle},
	year         = 1980,
	publisher    = {Oxford University Press, USA},
	pages        = 246,
	isbn         = {019822284X}
}
@book{1856AncienRegime,
	title        = {The Old Regime and the French Revolution},
	author       = {Alexis de Tocqueville},
	year         = 1856,
	publisher    = {Anchor},
	pages        = 320,
	isbn         = 385092601
}
@book{2003MacCulloch,
	title        = {The Reformation: A History},
	author       = {Diarmaid MacCulloch},
	year         = 2003,
	publisher    = {Penguin Books},
	pages        = 864,
	isbn         = {014303538X}
}
@book{1936Codreanu,
	title        = {For My Legionaries (the Iron Guard)},
	author       = {Corneliu Zelea Codreanu},
	year         = 1936,
	publisher    = {Liberty Bell Publications},
	pages        = 193,
	isbn         = 1593640005
}
@book{158BCAeschylus,
	title        = {The Oresteia: Agamemnon, The Libation Bearers, The Eumenides},
	author       = {Aeschylus},
	year         = {-458},
	publisher    = {Penguin Classics},
	pages        = 335,
	isbn         = 140443339
}
@book{800BCHomer,
	title        = {The Iliad},
	author       = {Homer},
	year         = {-800},
	publisher    = {Penguin Classics},
	pages        = 683,
	isbn         = 140275363
}
@book{1848Marx,
	title        = {The Communist Manifesto},
	author       = {Karl Marx},
	year         = 1848,
	publisher    = {Penguin Classics},
	pages        = 288,
	isbn         = 140447571
}
@book{350BCPoliticsAristotle,
	title        = {Politics},
	author       = {Aristotle},
	year         = {-350},
	publisher    = {Dover Publications},
	pages        = 368,
	isbn         = 486414248
}
@book{340BCEthicsAristotleNicomachean,
	title        = {The Nicomachean Ethics},
	author       = {Aristotle},
	year         = {-340},
	publisher    = {Penguin Classics},
	pages        = 329,
	isbn         = 140449493
}
@book{500BCArtOfWar,
	title        = {The Art of War},
	author       = {Sun Tzu},
	year         = {-500},
	publisher    = {Shambhala},
	pages        = 273,
	isbn         = 1590302257
}
@book{1532ThePrice,
	title        = {The Prince},
	author       = {Niccol\`{o} Machiavelli},
	year         = 1532,
	publisher    = {Dante University of America Press},
	pages        = 140,
	isbn         = 937832383
}
@book{1917Chesterton,
	title        = {A Short History Of England},
	author       = {G.K. Chesterton},
	year         = 1917,
	publisher    = {Fisher Press},
	pages        = 192,
	isbn         = 1874037094
}
@book{2018Taleb,
	title        = {Skin in the Game: The Hidden Asymmetries in Daily Life},
	author       = {Nassim Nicholas Taleb},
	year         = 2018,
	publisher    = {Allen Lane},
	pages        = 272,
	isbn         = 241300657
}
@book{2011Kahneman,
	title        = {Thinking, Fast and Slow},
	author       = {Daniel Kahneman},
	year         = 2011,
	publisher    = {Farrar, Straus and Giroux},
	pages        = 499,
	isbn         = 374275637
}
@book{50BCDeBelloGallici,
	title        = {The Conquest of Gaul},
	author       = {Gaius Julius Caesar},
	year         = {-50},
	publisher    = {Penguin Classics},
	pages        = 269,
	isbn         = 140444335
}
@book{50BCCaesarCommentaries,
	title        = {Caesar's Commentaries: On the Gallic War \& On the Civil War},
	author       = {Gaius Julius Caesar},
	year         = {-50},
	publisher    = {Digital Pulse Publishing},
	pages        = 340,
	isbn         = 976072610
}
@book{2009Hitchens,
	title        = {The Rage Against God: How Atheism Led Me to Faith},
	author       = {Peter Hitchens},
	year         = 2009,
	publisher    = {Zondervan},
	pages        = 224,
	isbn         = 310320313
}
@book{1999Hitchens,
	title        = {The Abolition of Britain: From Winston Churchill to Princess Diana},
	author       = {Peter Hitchens},
	year         = 1999,
	publisher    = {Encounter Books},
	pages        = 330,
	isbn         = 1893554392
}
@book{1942Lewis,
	title        = {Mere Christianity},
	author       = {C.S. Lewis},
	year         = 1942,
	publisher    = {Touchstone Books},
	pages        = 191,
	isbn         = 684823780
}
@book{1887Nietzsche,
	title        = {On the Genealogy of Morals},
	author       = {Friedrich Nietzsche},
	year         = 1887,
	publisher    = {Oxford University Press, USA},
	pages        = 208,
	isbn         = {019283617X}
}
@book{1997Kiyosaki,
	title        = {Rich Dad, Poor Dad},
	author       = {Robert T. Kiyosaki},
	year         = 1997,
	publisher    = {Time Warner Books UK},
	pages        = 195,
	isbn         = 751532711
}
@book{1997HandbookOfTraditionalLiving,
	title        = {A Handbook of Traditional Living},
	author       = {Raido},
	year         = 1997,
	publisher    = {Arktos Media Ltd},
	pages        = 100,
	isbn         = 1907166068
}
@book{1997Koch,
	title        = {The 80/20 Principle: The Secret to Achieving More with Less},
	author       = {Richard Koch},
	year         = 1997,
	publisher    = {Crown Business},
	pages        = 288,
	isbn         = 385491743
}
@book{2015Macarius,
	title        = {Fifty Spiritual Homilies of St. Macarius the Egyptian},
	author       = {Arthur James Mason},
	year         = 2015,
	publisher    = {Andesite Press},
	pages        = 390,
	isbn         = 1296793613
}
@book{2018Goggins,
	title        = {Can't Hurt Me: Master Your Mind and Defy the Odds},
	author       = {David Goggins},
	year         = 2018,
	publisher    = {Lioncrest Publishing},
	pages        = 366,
	isbn         = {}
}
@book{1927CrisisGuenon,
	title        = {The Crisis of the Modern World},
	author       = {Ren\'{e} Gu\'{e}non},
	year         = 1927,
	publisher    = {Sophia Perennis et Universalis},
	pages        = 120,
	isbn         = 900588241
}
@book{1953Evola,
	title        = {Men Among the Ruins: Post-War Reflections of a Radical Traditionalist},
	author       = {Julius Evola},
	year         = 1953,
	publisher    = {Inner Traditions},
	pages        = 328,
	isbn         = 892819057
}
@book{liguori2017moral,
	title        = {Moral Theology Vol. 1: Law, Vice, \& Virtue},
	author       = {Liguori, S.A. and Grant, R.},
	year         = 2017,
	publisher    = {Mediatrix Press},
	isbn         = 9781953746207
}
@article{MOEAD,
	title        = {MOEA/D: A Multiobjective Evolutionary Algorithm Based on Decomposition},
	author       = {Q. {Zhang} and H. {Li}},
	year         = 2007,
	journal      = {IEEE Transactions on Evolutionary Computation},
	volume       = 11,
	number       = 6,
	pages        = {712--731},
	doi          = {10.1109/TEVC.2007.892759}
}
@article{NGSA-II,
	title        = {A fast and elitist multiobjective genetic algorithm: NSGA-II},
	author       = {K. {Deb} and A. {Pratap} and S. {Agarwal} and T. {Meyarivan}},
	year         = 2002,
	journal      = {IEEE Transactions on Evolutionary Computation},
	volume       = 6,
	number       = 2,
	pages        = {182--197},
	doi          = {10.1109/4235.996017}
}
@article{MOGLS,
	title        = {On the performance of multiple-objective genetic local search on the 0/1 knapsack problem - a comparative experiment},
	author       = {A. {Jaszkiewicz}},
	year         = 2002,
	journal      = {IEEE Transactions on Evolutionary Computation},
	volume       = 6,
	number       = 4,
	pages        = {402--412},
	doi          = {10.1109/TEVC.2002.802873}
}
@inproceedings{MOEATwoArchive,
	title        = {A New Multi-objective Evolutionary Optimisation Algorithm: The Two-Archive Algorithm},
	author       = {K. {Praditwong} and X. {Yao}},
	year         = 2006,
	booktitle    = {2006 International Conference on Computational Intelligence and Security},
	volume       = 1,
	number       = {},
	pages        = {286--291},
	doi          = {10.1109/ICCIAS.2006.294139}
}
@article{JohnnyBrowseWebHistoryPersonal,
	title        = {Why Johnny Can't Browse in Peace: On the Uniqueness of Web Browsing History Patterns},
	author       = {Olejnik, \L{}ukasz and Castelluccia, Claude and Janc, Artur},
	year         = 2012,
	month        = {07},
	pages        = {}
}
@incollection{sep-aristotle-causality,
	title        = {{Aristotle on Causality}},
	author       = {Falcon, Andrea},
	year         = 2019,
	booktitle    = {The {Stanford} Encyclopedia of Philosophy},
	publisher    = {Metaphysics Research Lab, Stanford University},
	editor       = {Edward N. Zalta},
	howpublished = {\url{https://plato.stanford.edu/archives/spr2019/entries/aristotle-causality/}},
	edition      = {Spring 2019}
}
@book{CatholicEncyclopedia,
	title        = {The Catholic Encyclopedia},
	author       = {Arthur Charles O'Neill},
	year         = 1912
}
@book{CatholicEncyclopediaOnSin,
	title        = {The Catholic Encyclopedia Volume 14, Sin},
	author       = {Arthur Charles O'Neill},
	year         = 1912,
	note         = {Retrieved April 20, 2021 from New Advent: http://www.newadvent.org/cathen/14004b.htm}
}
@book{CatholicEncyclopediaOnHumility,
	title        = {The Catholic Encyclopedia Volume 7, Humility},
	author       = {Arthur Devine},
	year         = 1910,
	note         = {Retrieved April 20, 2021 from New Advent: http://www.newadvent.org/cathen/07543b.htm}
}
@article{HOU2020102019,
	title        = {Industrial espionage – A systematic literature review (SLR)},
	author       = {Tie Hou and Victoria Wang},
	year         = 2020,
	journal      = {Computers \& Security},
	volume       = 98,
	pages        = 102019,
	doi          = {https://doi.org/10.1016/j.cose.2020.102019},
	issn         = {0167-4048},
	url          = {https://www.sciencedirect.com/science/article/pii/S0167404820302923},
	keywords     = {Industrial espionage, Systematic literature review (SLR), Key features, Challenges, Trends}
}
@article{USGovtIE,
	title        = {Annual Report to Congress on Foreign Economic Collection and Industrial Espionage},
	author       = {National Counterintelligence and Security Center (NCSC)},
	year         = 2000
}
@article{CEInsiderThreat,
	title        = {Corporate espionage: The insider threat},
	author       = {Akanksha Vashisth and Avinash Kumar},
	year         = 2013,
	journal      = {Business Information Review},
	volume       = 30,
	number       = 2,
	pages        = {83--90},
	doi          = {10.1177/0266382113491816},
	url          = {https://doi.org/10.1177/0266382113491816},
	eprint       = {https://doi.org/10.1177/0266382113491816}
}
, addendum="Accessed 12/11/2020", date="" }
@inproceedings{UnintentionalInsiderThreat,
	title        = {Unintentional Insider Threat: Contributing Factors, Observables, and Mitigation Strategies},
	author       = {Greitzer, Frank and Strozer, Jeremy and Cohen, Sholom and Bergey, John and Cowley, Jennifer and Moore, Andrew and Mundie, David},
	year         = 2014,
	month        = {01},
	journal      = {Proceedings of the Annual Hawaii International Conference on System Sciences},
	pages        = {2025--2034},
	doi          = {10.1109/HICSS.2014.256}
}
@book{IndustrialEspionageandTechnicalSurveillanceCounterMeasurers,
	title        = {Industrial Espionage and Technical Surveillance Counter Measurers},
	author       = {Androulidakis, Iosif and Kioupakis, Fragkiskos - Emmanouil},
	year         = 2016,
	month        = {01},
	pages        = {},
	doi          = {10.1007/978-3-319-28666-2},
	isbn         = {978-3-319-28665-5}
}
@book{great2013morals,
	title        = {Morals on the Book of Job - Three volumes in Four Books},
	author       = {Great, G.},
	year         = 2013,
	publisher    = {Wipf \& Stock Publishers},
	series       = {Library of fathers of the Holy Catholic Church},
	isbn         = 9781620328552,
	url          = {https://books.google.co.uk/books?id=3b9NAwAAQBAJ}
}
@article{GDPRBlockchain,
	title        = {Blockchain and the General Data Protection Regulation Can distributed ledgers be squared with European data protection law?},
	author       = {Panel for the Future of Science and Technology},
	year         = 2019,
	publisher    = {European Parliamentary Research Service}
}
@misc{ZeroTrustTech,
	title        = {Mobile Device Guidance},
	author       = {National Cyber Security Centre},
	url          = {https://www.ncsc.gov.uk/collection/mobile-device-guidance/infrastructure/network-architectures-for-remote-access\#zero},
	note         = {Recovered 21/04/2021}
}
@article{OnionRoutingPaper,
	title        = {Anonymous connections and onion routing},
	author       = {Reed, M.G. and Syverson, P.F. and Goldschlag, D.M.},
	year         = 1998,
	journal      = {IEEE Journal on Selected Areas in Communications},
	volume       = 16,
	number       = 4,
	pages        = {482--494}
}
@article{SecondGenOnion,
	title        = {Tor: The Second-Generation Onion Router},
	author       = {Dingledine, Roger and Mathewson, Nick and Syverson, Paul},
	year         = 2004,
	month        = {06},
	journal      = {Paul Syverson},
	volume       = 13,
	pages        = {}
}
@misc{TorCVEs,
	title        = {Tor Security Vulnerabilities},
	url          = {https://www.cvedetails.com/vulnerability-list/vendor\%5Fid-12287/product\%5Fid-23219/Torproject-TOR.html},
	note         = {Recovered 22nd April 2021}
}
@misc{GoogleCVEs,
	title        = {Google Chrome Security Vulnerabilities},
	url          = {https://www.cvedetails.com/vulnerability-list/vendor\%5Fid-1224/product\%5Fid-15031/Google-Chrome.html},
	note         = {Recovered 22nd April 2021}
}
@misc{TorUsageStats,
	title        = {Tor Usage Statistics},
	url          = {https://metrics.torproject.org},
	note         = {Recovered 22nd April 2021}
}
@misc{RossUlbricht,
	title        = {Who Is Ross Ulbricht, the Dark Net "Dread Pirate Roberts"?},
	url          = {https://www.investopedia.com/tech/ross-ulbricht-dark-net-pirate/},
	note         = {Recovered 22nd April 2021}
}
@misc{EldoKim,
	title        = {FBI agents tracked Harvard bomb threats despite Tor},
	url          = {https://www.theverge.com/2013/12/18/5224130/fbi-agents-tracked-harvard-bomb-threats-across-tor},
	note         = {Recovered 22nd April 2021}
}
@misc{DoDTor,
	title        = {US government increases funding for Tor, giving \$1.8m in 2013},
	url          = {https://www.theguardian.com/technology/2014/jul/29/us-government-funding-tor-18m-onion-router},
	note         = {Recovered 22nd April 2021}
}
@misc{TorMistakes,
	title        = {Tor and circumvention : Lessons learned},
	url          = {https://www.usenix.org/legacy/event/leet11/tech/slides/mathewson.pdf},
	note         = {Recovered 22nd April 2021}
}
@book{garrigou2013three,
  	title		= {The Three Ages of the Interior Life},
  	author		= {Garrigou-Lagrange, R.},
  	isbn		= {9781492390978},
  	url			= {https://books.google.co.uk/books?id=4qWEngEACAAJ},
  	year		= {2013},
  	publisher	= {Createspace Independent Pub}
}
@misc{FatherNi98,
author = {Father Nick Nelson},
title = {Father Nick Nelson: The sources of temptation — the flesh, the world, and the devil | Diocese of Duluth},
howpublished = {\url{https://www.dioceseduluth.org/blog/the-northern-cross/father-nick-nelson-the-sources-of-temptation-the-flesh-the-world-and-the-devil}},
month = {},
year = {},
note = {(Accessed on 06/23/2021)}
}

@inproceedings{AchievementScalarazingIndicatorBased,
author = {Ishibuchi, Hisao and Tsukamoto, Noritaka and Sakane, Yuji and Nojima, Yusuke},
title = {Indicator-Based Evolutionary Algorithm with Hypervolume Approximation by Achievement Scalarizing Functions},
year = {2010},
isbn = {9781450300728},
publisher = {Association for Computing Machinery},
address = {New York, NY, USA},
url = {https://doi.org/10.1145/1830483.1830578},
doi = {10.1145/1830483.1830578},
booktitle = {Proceedings of the 12th Annual Conference on Genetic and Evolutionary Computation},
pages = {527–534},
numpages = {8},
keywords = {evolutionary multiobjective optimization (emo), many objectives, indicator-based evolutionary algorithm (ibea), hypervolume},
location = {Portland, Oregon, USA},
series = {GECCO '10}
}

@article{MEXICA,
author = {Pérez y Pérez, Rafael and Sharples, Mike},
year = {2001},
month = {04},
pages = {119-139},
title = {MEXICA: A computer model of a cognitive account of creative writing},
volume = {13},
journal = {J. Exp. Theor. Artif. Intell.},
doi = {10.1080/09528130010029820}
}

@book{2013poetics,
  title={Poetics},
  author={Kenny, A.},
  isbn={9780191635809},
  series={Oxford World's Classics},
  url={https://books.google.co.uk/books?id=pFYlIO671Z0C},
  year={2013},
  publisher={OUP Oxford}
}

@book{propp1975morphology,
  title={Morphology of the Folktale: Second Edition},
  author={Propp, V. and Scott, L. and Wagner, L.A.},
  isbn={9780292783911},
  lccn={68065567},
  series={American Folklore Society Bibliographical and Special Series},
  url={https://books.google.co.uk/books?id=cyc7AQAAIAAJ},
  year={1975},
  publisher={University of Texas Press}
}

@inproceedings{Gervs2013ProppsMO,
  title={Propp's Morphology of the Folk Tale as a Grammar for Generation},
  author={P. Gerv{\'a}s},
  booktitle={CMN},
  year={2013}
}
@book{bergsma2018catholic,
  title={A Catholic Introduction to the Bible Old Testament},
  author={Bergsma, J. and Pitre, B.},
  isbn={9781642290486},
  pages={661},
  url={https://books.google.co.uk/books?id=px5tDwAAQBAJ},
  year={2018},
  publisher={Ignatius Press}
}

@book{aquinas2014summa,
  title={The Summa Theologica: Complete Edition},
  author={Aquinas, T. and Province, T.F.E.D. and Publishing, C.W.},
  isbn={9781783793143},
  url={https://books.google.co.uk/books?id=Ee0HBAAAQBAJ},
  year={2014},
  publisher={Catholic Way Publishing}
}
@article{AutomaticStoryGeneration2021,
author = {Alhussain, Arwa and Azmi, Aqil},
year = {2021},
month = {05},
pages = {1-38},
title = {Automatic Story Generation: A Survey of Approaches},
volume = {54},
journal = {ACM Computing Surveys},
doi = {10.1145/3453156}
}
@inproceedings{authorandcharactergoals,
author = {Solis, Candice and Siy, Joan and Tabirao, Emerald and Ong, Ethel},
year = {2009},
month = {06},
pages = {63-70},
title = {Planning author and character goals for story generation},
isbn = {978-1-932432-36-7},
doi = {10.3115/1642011.1642020}
}

@inproceedings{Riedl2003CharacterfocusedNP,
  title={Character-focused Narrative Planning},
  author={Mark O. Riedl and R. M. Young},
  year={2003}
}

@inproceedings{Meehan1977TALESPINAI,
  title={TALE-SPIN, An Interactive Program that Writes Stories},
  author={J. Meehan},
  booktitle={IJCAI},
  year={1977}
}

@ARTICLE{KybartasGenerationTechniques,  author={Kybartas, Ben and Bidarra, Rafael},  journal={IEEE Transactions on Computational Intelligence and AI in Games},   title={A Survey on Story Generation Techniques for Authoring Computational Narratives},   year={2017},  volume={9},  number={3},  pages={239-253},  doi={10.1109/TCIAIG.2016.2546063}}

@inproceedings{mcintyre-lapata-2010-plot,
    title = "Plot Induction and Evolutionary Search for Story Generation",
    author = "McIntyre, Neil  and
      Lapata, Mirella",
    booktitle = "Proceedings of the 48th Annual Meeting of the Association for Computational Linguistics",
    month = jul,
    year = "2010",
    address = "Uppsala, Sweden",
    publisher = "Association for Computational Linguistics",
    url = "https://aclanthology.org/P10-1158",
    pages = "1562--1572",
}

@inproceedings{Riegl2018LiveDE,
  title={Live, Die, Evaluate, Repeat: Do-Over Simulation in the Generation of Coherent Episodic Stories},
  author={Stefan Riegl and T. Veale},
  booktitle={ICCC},
  year={2018}
}

@article{NeuralNetworkOne,
  author    = {Lara J. Martin and
               Prithviraj Ammanabrolu and
               William Hancock and
               Shruti Singh and
               Brent Harrison and
               Mark O. Riedl},
  title     = {Event Representations for Automated Story Generation with Deep Neural
               Nets},
  journal   = {CoRR},
  volume    = {abs/1706.01331},
  year      = {2017},
  url       = {http://arxiv.org/abs/1706.01331},
  archivePrefix = {arXiv},
  eprint    = {1706.01331},
  timestamp = {Mon, 13 Aug 2018 16:47:39 +0200},
  biburl    = {https://dblp.org/rec/journals/corr/MartinAHSHR17.bib},
  bibsource = {dblp computer science bibliography, https://dblp.org}
}

@inproceedings{sagarkar-etal-2018-quality,
    title = "Quality Signals in Generated Stories",
    author = "Sagarkar, Manasvi  and
      Wieting, John  and
      Tu, Lifu  and
      Gimpel, Kevin",
    booktitle = "Proceedings of the Seventh Joint Conference on Lexical and Computational Semantics",
    month = jun,
    year = "2018",
    address = "New Orleans, Louisiana",
    publisher = "Association for Computational Linguistics",
    url = "https://aclanthology.org/S18-2024",
    doi = "10.18653/v1/S18-2024",
    pages = "192--202"
}

@inproceedings{van-stegeren-theune-2019-narrative,
    title = "{N}arrative {G}eneration in the {W}ild: {M}ethods from {N}a{N}o{G}en{M}o",
    author = {van Stegeren, Judith  and
      Theune, Mari{\"e}t},
    booktitle = "Proceedings of the Second Workshop on Storytelling",
    month = aug,
    year = "2019",
    address = "Florence, Italy",
    publisher = "Association for Computational Linguistics",
    url = "https://aclanthology.org/W19-3407",
    doi = "10.18653/v1/W19-3407",
    pages = "65--74"
}

@ARTICLE{MOEANarrative,  author={Wang, Kun and Bui, Vinh and Petraki, Eleni and Abbass, Hussein A.},  journal={IEEE Access},   title={Human-Guided Evolutionary Story Narration},   year={2018},  volume={6},  number={},  pages={13783-13802},  doi={10.1109/ACCESS.2018.2797879}}

@article{MOEASurvey1,
author = {Huang, Wenlan and Zhang, Yu and Li, Lan},
year = {2019},
month = {08},
pages = {012057},
title = {Survey on Multi-Objective Evolutionary Algorithms},
volume = {1288},
journal = {Journal of Physics: Conference Series},
doi = {10.1088/1742-6596/1288/1/012057}
}

@misc{CompareML,
author = {Danny Varghese},
title = {Comparative Study on Classic Machine learning Algorithms | by Danny Varghese | Towards Data Science},
howpublished = {\url{https://towardsdatascience.com/comparative-study-on-classic-machine-learning-algorithms-24f9ff6ab222}},
month = {Dec},
year = {2018},
note = {(Accessed on 09/01/2021)}
}

@misc{ThomasAq85:online,
author = {Mark Johnson},
title = {Thomas Aquinas on the Passions — thomistica},
howpublished = {\url{https://thomistica.net/news/2009/9/21/thomas-aquinas-on-the-passions.html}},
month = {September},
year = {2009},
note = {(Accessed on 09/01/2021)}
}


@Article{WestAfricanGeneration,
AUTHOR = {Lô, Gossa and de Boer, Victor and van Aart, Chris J.},
TITLE = {Exploring West African Folk Narrative Texts Using Machine Learning},
JOURNAL = {Information},
VOLUME = {11},
YEAR = {2020},
NUMBER = {5},
ARTICLE-NUMBER = {236},
URL = {https://www.mdpi.com/2078-2489/11/5/236},
ISSN = {2078-2489},
DOI = {10.3390/info11050236}
}
@book{allegri2000padre,
  title={Padre Pio: A Man of Hope},
  author={Allegri, R.},
  isbn={9781569551387},
  lccn={99059678},
  url={https://books.google.co.uk/books?id=Bau9AAAACAAJ},
  year={2000},
  publisher={Charis Books}
}
@book{loyola2009autobiography,
  title={The Autobiography of St. Ignatius},
  author={Loyola, I. and O'Conor, J.F.X.},
  isbn={9781406853124},
  url={https://books.google.co.uk/books?id=339ic-1DcO4C},
  year={2009},
  publisher={Echo Library}
}



